<record><leader>00000cas a22000007a 4500</leader><controlfield tag="001">10210824</controlfield><controlfield tag="008">831212c19839999ncuwr ne      0   a0eng d</controlfield><datafield ind1=" " ind2=" " tag="010"><subfield code="a">sn 83005386 </subfield></datafield><datafield ind1=" " ind2=" " tag="040"><subfield code="a">NSD</subfield><subfield code="b">eng</subfield><subfield code="c">NSD</subfield><subfield code="d">NVJ</subfield><subfield code="d">OCLCQ</subfield></datafield><datafield ind1=" " ind2=" " tag="012"><subfield code="m">1</subfield></datafield><datafield ind1="1" ind2=" " tag="022"><subfield code="a">0746-6803</subfield><subfield code="l">0746-6803</subfield><subfield code="2">1</subfield></datafield><datafield ind1=" " ind2=" " tag="032"><subfield code="a">997260</subfield><subfield code="b">USPS</subfield></datafield><datafield ind1=" " ind2=" " tag="037"><subfield code="b">Wayne-Wilson News Leader, P.O. Box 1107, Fremont, NC 27830</subfield></datafield><datafield ind1=" " ind2=" " tag="042"><subfield code="a">nsdp</subfield><subfield code="a">msc</subfield></datafield><datafield ind1=" " ind2="0" tag="222"><subfield code="a">Wayne-Wilson news leader</subfield></datafield><datafield ind1="0" ind2="0" tag="245"><subfield code="a">Wayne-Wilson news leader.</subfield></datafield><datafield ind1=" " ind2=" " tag="260"><subfield code="a">Fremont, N.C. :</subfield><subfield code="b">Merrill Pub. Co.</subfield></datafield><datafield ind1=" " ind2=" " tag="300"><subfield code="a">v.</subfield></datafield><datafield ind1=" " ind2=" " tag="310"><subfield code="a">Weekly</subfield></datafield><datafield ind1="0" ind2=" " tag="362"><subfield code="a">Vol. 11, no. 9 (Oct. 6, 1983)-</subfield></datafield><datafield ind1=" " ind2=" " tag="752"><subfield code="a">United States</subfield><subfield code="b">North Carolina</subfield><subfield code="c">Wayne</subfield><subfield code="d">Fremont.</subfield></datafield><datafield ind1="0" ind2="0" tag="780"><subfield code="t">Wayne-Wilson weekly news</subfield><subfield code="w">(DLC)sn 94058212</subfield></datafield><datafield ind1=" " ind2=" " tag="936"><subfield code="a">Dec. 1, 1983</subfield></datafield><datafield ind1="1" ind2=" " tag="029"><subfield code="a">AU@</subfield><subfield code="b">000025784221</subfield></datafield></record>